@BOOK{Knappen2009,
	AUTHOR = {Knappen, Joerg},
	YEAR = {2009},
	TITLE = {Schnell ans Ziel mit LATEX 2e - },
	EDITION = {ueberarbeitete und erweiterte Auflage},
	ISBN = {978-3-486-59015-9},
	PUBLISHER = {Oldenbourg Verlag},
	ADDRESS = {Muenchen},
	keywords = {book}
}