@online{PEXELS2015,
	author  = {PEXELS},
	title   = {Black and white branches tree},
	urldate = {2015-10-06},
	urlseen = {2015-10-06},
	url     = {https://www.pexels.com/photo/black-and-white-branches-tree-high-279/},
	keywords = {image}
}