@online{Google2015,
	author = {Google},
	title  = {Google},
	urldate = {2015-10-06},
	urlseen = {2015-10-06},
	url    = {http://www.google.de},
	keywords = {online}
}